@book{SmithVanNess,
  title = {Introduction to Chemical Engineering Thermodynamics},
  subtitle = {Sixth Edition in SI Units},
  author = {Smith, Joe A and Van Ness, Hendrick C, and Abbott, Michael M},
  year = {2001},
  publisher = {McGraw-Hill},
}

@inproceedings{kennedy1995particle,
  title={Particle swarm optimization (PSO)},
  author={Kennedy, J and Eberhart, R},
  booktitle={Proc. IEEE International Conference on Neural Networks, Perth, Australia},
  pages={1942--1948},
  year={1995}
}

@article{vinhal2018application,
  title={Application of Advanced Thermodynamic Models in the Representation of the Global Phase Behavior of Fluids of Interest in the Oil \& Gas Industry},
  author={Vinhal, Andre Pinto Coelho Muniz},
  year={2018},
  publisher={Technical University of Denmark (DTU)}
}

@article{kontogeorgis2006ten1,
  title={Ten years with the CPA (Cubic-Plus-Association) equation of state. Part 1. Pure compounds and self-associating systems},
  author={Kontogeorgis, Georgios M and Michelsen, Michael L and Folas, Georgios K and Derawi, Samer and von Solms, Nicolas and Stenby, Erling H},
  journal={Industrial \& engineering chemistry research},
  volume={45},
  number={14},
  pages={4855--4868},
  year={2006},
  publisher={ACS Publications}
}

@article{kontogeorgis2006ten2,
  title={Ten years with the CPA (Cubic-Plus-Association) equation of state. Part 2. Cross-associating and multicomponent systems},
  author={Kontogeorgis, Georgios M and Michelsen, Michael L and Folas, Georgios K and Derawi, Samer and von Solms, Nicolas and Stenby, Erling H},
  journal={Industrial \& Engineering Chemistry Research},
  volume={45},
  number={14},
  pages={4869--4878},
  year={2006},
  publisher={ACS Publications}
}

@article{folas2006application,
  title={Application of the cubic-plus-association equation of state to mixtures with polar chemicals and high pressures},
  author={Folas, Georgios K and Kontogeorgis, Georgios M and Michelsen, Michael L and Stenby, Erling H},
  journal={Industrial \& engineering chemistry research},
  volume={45},
  number={4},
  pages={1516--1526},
  year={2006},
  publisher={ACS Publications}
}

@article{folas2005application,
  title={Application of the cubic-plus-association (CPA) equation of state to cross-associating systems},
  author={Folas, Georgios K and Gabrielsen, Jostein and Michelsen, Michael L and Stenby, Erling H and Kontogeorgis, Georgios M},
  journal={Industrial \& engineering chemistry research},
  volume={44},
  number={10},
  pages={3823--3833},
  year={2005},
  publisher={ACS Publications}
}


@article{huang1990equation,
  title={Equation of state for small, large, polydisperse, and associating molecules},
  author={Huang, Stanley H and Radosz, Maciej},
  journal={Industrial \& Engineering Chemistry Research},
  volume={29},
  number={11},
  pages={2284--2294},
  year={1990},
  publisher={ACS Publications}
}

@article{vinhal2017evaluation,
  title={Evaluation of equations of state for simultaneous representation of phase equilibrium and critical phenomena},
  author={Vinhal, Andre PCM and Yan, Wei and Kontogeorgis, Georgios M},
  journal={Fluid Phase Equilibria},
  volume={437},
  pages={140--154},
  year={2017},
  publisher={Elsevier}
}

@incollection{nistfluids,
  author      = "E.W. Lemmon, M.O. McLinden and D.G. Friend",
  title       = "Thermophysical Properties of Fluid Systems",
  editor      = "P.J. Linstrom and W.G. Mallard",
  booktitle   = "NIST Chemistry WebBook, NIST Standard Reference Database Number 69",
  publisher   = "National Institute of Standards and Technology",
  address     = "Gaithersburg MD",
  year        = "2018",
}

@article{peng1976new,
  title={A new two-constant equation of state},
  author={Peng, Ding-Yu and Robinson, Donald B},
  journal={Industrial \& Engineering Chemistry Fundamentals},
  volume={15},
  number={1},
  pages={59--64},
  year={1976},
  publisher={ACS Publications}
}

@article{bierlein1953phase,
  title={Phase-equilibrium properties of system carbon dioxide-hydrogen sulfide},
  author={Bierlein, James A and Kay, Webster B},
  journal={Industrial \& Engineering Chemistry},
  volume={45},
  number={3},
  pages={618--624},
  year={1953},
  publisher={ACS Publications}
}

@article{soave1972equilibrium,
  title={Equilibrium constants from a modified Redlich-Kwong equation of state},
  author={Soave, Giorgio},
  journal={Chemical Engineering Science},
  volume={27},
  number={6},
  pages={1197--1203},
  year={1972},
  publisher={Elsevier}
}

@article{michelsen1982isothermal,
  title={The isothermal flash problem. Part II. Phase-split calculation},
  author={Michelsen, Michael L},
  journal={Fluid phase equilibria},
  volume={9},
  number={1},
  pages={21--40},
  year={1982},
  publisher={Elsevier}
}

@article{michelsen1982isothermal1,
  title={The isothermal flash problem. Part I. Stability},
  author={Michelsen, Michael L},
  journal={Fluid phase equilibria},
  volume={9},
  number={1},
  pages={1--19},
  year={1982},
  publisher={Elsevier}
}

@article{gupta1991method,
  title={A method for the simultaneous phase equilibria and stability calculations for multiphase reacting and non-reacting systems},
  author={Gupta, Anup K and Bishnoi, P Raj and Kalogerakis, Nicolas},
  journal={Fluid Phase Equilibria},
  volume={63},
  number={1-2},
  pages={65--89},
  year={1991},
  publisher={Elsevier}
}

@article{segtovich2016simultaneous,
  title={Simultaneous multiphase flash and stability analysis calculations including hydrates},
  author={Segtovich, Iuri Soter Viana and Barreto Jr, Amaro Gomes and Tavares, Frederico Wanderley},
  journal={Fluid Phase Equilibria},
  volume={413},
  pages={196--208},
  year={2016},
  publisher={Elsevier}
}

@article{kiselev1999crossover,
  title={Crossover SAFT equation of state: application for normal alkanes},
  author={Kiselev, SB and Ely, JF},
  journal={Industrial \& engineering chemistry research},
  volume={38},
  number={12},
  pages={4993--5004},
  year={1999},
  publisher={ACS Publications}
}

@article{kiselev1999cubic,
  title={Cubic crossover equation of state for mixtures},
  author={Kiselev, SB and Friend, Daniel G},
  journal={Fluid Phase Equilibria},
  volume={162},
  number={1-2},
  pages={51--82},
  year={1999},
  publisher={Elsevier}
}

@article{anisimov1992crossover,
  title={Crossover approach to global critical phenomena in fluids},
  author={Anisimov, MA and Kiselev, SB and Sengers, JV and Tang, S},
  journal={Physica A: Statistical Mechanics and its Applications},
  volume={188},
  number={4},
  pages={487--525},
  year={1992},
  publisher={Elsevier}
}

@article{kiselev1998cubic,
  title={Cubic crossover equation of state1},
  author={Kiselev, SB},
  journal={Fluid Phase Equilibria},
  volume={147},
  number={1-2},
  pages={7--23},
  year={1998},
  publisher={Elsevier}
}

@article{kiselev1991universal,
  title={Universal crossover behavior of fluids and fluid mixtures in the critical region},
  author={Kiselev, SB and Kostyukova, IG and Povodyrev, AA},
  journal={International Journal of Thermophysics},
  volume={12},
  number={5},
  pages={877--895},
  year={1991},
  publisher={Springer}
}

@article{chen1990crossover,
  title={Crossover from singular critical to regular classical thermodynamic behavior of fluids},
  author={Chen, ZY and Albright, PC and Sengers, JV},
  journal={Physical Review A},
  volume={41},
  number={6},
  pages={3161},
  year={1990},
  publisher={APS}
}

@article{meroni1993differential,
  title={Differential approach to the theory of fluids in the presence of two-and three-body potentials and study of the critical point of krypton},
  author={Meroni, Alberto and Reatto, Luciano and Tau, Maria},
  journal={Molecular Physics},
  volume={80},
  number={4},
  pages={977--985},
  year={1993},
  publisher={Taylor \& Francis}
}

@article{meroni1990differential,
  title={Differential approach to the theory of fluids},
  author={Meroni, A and Parola, A and Reatto, L},
  journal={Physical Review A},
  volume={42},
  number={10},
  pages={6104},
  year={1990},
  publisher={APS}
}

@article{parola1985hierarchical,
  title={Hierarchical reference theory of fluids and the critical point},
  author={Parola, A and Reatto, L},
  journal={Physical Review A},
  volume={31},
  number={5},
  pages={3309},
  year={1985},
  publisher={APS}
}

@article{parola1984liquid,
  title={Liquid-state theory for critical phenomena},
  author={Parola, A and Reatto, L},
  journal={Physical review letters},
  volume={53},
  number={25},
  pages={2417},
  year={1984},
  publisher={APS}
}

@article{stanley1999scaling,
  title={Scaling, universality, and renormalization: Three pillars of modern critical phenomena},
  author={Stanley, H Eugene},
  journal={Reviews of modern physics},
  volume={71},
  number={2},
  pages={S358},
  year={1999},
  publisher={APS}
}

@article{wyczalkowska2004critical,
  title={Critical fluctuations and the equation of state of Van der Waals},
  author={Wyczalkowska, A Kostrowicka and Sengers, JV and Anisimov, MA},
  journal={Physica A: Statistical Mechanics and its Applications},
  volume={334},
  number={3-4},
  pages={482--512},
  year={2004},
  publisher={Elsevier}
}

@article{sengers1974van,
  title={From Van der Waals' equation to the scaling laws},
  author={Sengers, JMH Levelt},
  journal={Physica},
  volume={73},
  number={1},
  pages={73--106},
  year={1974},
  publisher={Elsevier}
}

@article{kermani2003carbon,
  title={Carbon dioxide corrosion in oil and gas productionâ€”a compendium},
  author={Kermani, MB and Morshed, A},
  journal={Corrosion},
  volume={59},
  number={8},
  pages={659--683},
  year={2003}
}

@article{tsivintzelis2011modeling,
  title={Modeling phase equilibria for acid gas mixtures using the CPA equation of state. Part II: Binary mixtures with $CO_{2}$},
  author={Tsivintzelis, Ioannis and Kontogeorgis, Georgios M and Michelsen, Michael L and Stenby, Erling H},
  journal={Fluid Phase Equilibria},
  volume={306},
  number={1},
  pages={38--56},
  year={2011},
  publisher={Elsevier}
}

@article{sun2005application,
  title={Application of SAFT--VRX to binary phase behaviour: alkanes},
  author={Sun, Lixin and Zhao, Honggang and Kiselev, Sergei B and McCabe, Clare},
  journal={Fluid phase equilibria},
  volume={228},
  pages={275--282},
  year={2005},
  publisher={Elsevier}
}

@article{fisher1968renormalization,
  title={Renormalization of critical exponents by hidden variables},
  author={Fisher, Michael E},
  journal={Physical Review},
  volume={176},
  number={1},
  pages={257},
  year={1968},
  publisher={APS}
}

@article{cai2004thermodynamics,
  title={Thermodynamics for fluid mixtures near to and far from the vapor--liquid critical point},
  author={Cai, Jun and Prausnitz, John M},
  journal={Fluid Phase Equilibria},
  volume={219},
  number={2},
  pages={205--217},
  year={2004},
  publisher={Elsevier}
}

@article{cai2006vapor,
  title={Vapor--liquid critical properties of multi-component fluid mixture},
  author={Cai, Jun and Qiu, Deling and Zhang, Luning and Hu, Ying},
  journal={Fluid phase equilibria},
  volume={241},
  number={1-2},
  pages={229--235},
  year={2006},
  publisher={Elsevier}
}

@article{qiu2006vapor,
  title={Vapor--liquid critical properties of multi-component mixtures containing carbon dioxide and n-alkanes},
  author={Qiu, Delin and Fu, Jinyan and Cai, Jun and Peng, Changjun and Liu, Honglai and Hu, Ying},
  journal={Fluid phase equilibria},
  volume={248},
  number={2},
  pages={191--196},
  year={2006},
  publisher={Elsevier}
}

@article{llovell2008accurate,
  title={An accurate direct technique for parametrizing cubic equations of state: Part III. Application of a crossover treatment},
  author={Llovell, F and Vega, LF and Seiltgens, D and Mej{\'\i}a, A and Segura, H},
  journal={Fluid Phase Equilibria},
  volume={264},
  number={1-2},
  pages={201--210},
  year={2008},
  publisher={Elsevier}
}

@article{pcm2017application,
  title={Application of a Crossover Equation of State to Describe Phase Equilibrium and Critical Properties of n-Alkanes and Methane/n-Alkane Mixtures},
  author={PCM Vinhal, Andre and Yan, Wei and Kontogeorgis, Georgios M},
  journal={Journal of Chemical \& Engineering Data},
  year={2017},
  publisher={ACS Publications}
}

@article{xu2010crossover,
  title={Crossover CPA equation of state for associating fluids},
  author={Xu, Xin-Hao and Duan, Yuan-Yuan},
  journal={Fluid Phase Equilibria},
  volume={290},
  number={1-2},
  pages={148--152},
  year={2010},
  publisher={Elsevier}
}

@article{xu2011prediction,
  title={Prediction of the critical properties of binary alkanol+ alkane mixtures using a crossover CPA equation of state},
  author={Xu, Xin-Hao and Duan, Yuan-Yuan and Yang, Zhen},
  journal={Fluid Phase Equilibria},
  volume={309},
  number={2},
  pages={168--173},
  year={2011},
  publisher={Elsevier}
}

@article{choi2016renormalization,
  title={Renormalization group corrections to the modified perturbed hard sphere chain equation of state for vapor liquid equilibria and interfacial tension of pure and binary mixtures},
  author={Choi, Ji Su and Bae, Young Chan},
  journal={Fluid Phase Equilibria},
  volume={430},
  pages={143--155},
  year={2016},
  publisher={Elsevier}
}

@article{ghobadi2013renormalization,
  title={Renormalization Group Adaptation to Equations of State From Molecular Simulation},
  author={Ghobadi, Ahmadreza F and Elliott, J Richard},
  journal={Industrial \& Engineering Chemistry Research},
  volume={52},
  number={21},
  pages={7030--7043},
  year={2013},
  publisher={ACS Publications}
}

@article{mi2004improved,
  title={An improved renormalization group theory for real fluids},
  author={Mi, Jianguo and Zhong, Chongli and Li, Yi-Gui and Tang, Yiping},
  journal={The Journal of chemical physics},
  volume={121},
  number={11},
  pages={5372--5380},
  year={2004},
  publisher={AIP}
}

@article{llovell2007phase,
  title={Phase equilibria, critical behavior and derivative properties of selected n-alkane/n-alkane and n-alkane/1-alkanol mixtures by the crossover soft-SAFT equation of state},
  author={Llovell, F{\`e}lix and Vega, Lourdes F},
  journal={The Journal of supercritical fluids},
  volume={41},
  number={2},
  pages={204--216},
  year={2007},
  publisher={Elsevier}
}

@article{llovell2006prediction,
  title={Prediction of thermodynamic derivative properties of pure fluids through the soft-SAFT equation of state},
  author={Llovell, F{\`e}lix and Vega, Lourdes F},
  journal={The Journal of Physical Chemistry B},
  volume={110},
  number={23},
  pages={11427--11437},
  year={2006},
  publisher={ACS Publications}
}

@article{llovell2006second,
  title={Second-order thermodynamic derivative properties of selected mixtures by the soft-SAFT equation of state},
  author={Llovell, F and Peters, CJ and Vega, LF},
  journal={Fluid phase equilibria},
  volume={248},
  number={2},
  pages={115--122},
  year={2006},
  publisher={Elsevier}
}

@article{dias2009thermodynamic,
  title={Thermodynamic characterization of pure perfluoroalkanes, including interfacial and second order derivative properties, using the crossover soft-SAFT EoS},
  author={Dias, AMA and Llovell, F and Coutinho, JAP and Marrucho, IM and Vega, LF},
  journal={Fluid Phase Equilibria},
  volume={286},
  number={2},
  pages={134--143},
  year={2009},
  publisher={Elsevier}
}

@article{forte2013application,
  title={Application of the statistical associating fluid theory for potentials of variable range (SAFT-VR) coupled with renormalisation-group (RG) theory to model the phase equilibria and second-derivative properties of pure fluids},
  author={Forte, Esther and Llovell, Felix and Trusler, JP Martin and Galindo, Amparo},
  journal={Fluid Phase Equilibria},
  volume={337},
  pages={274--287},
  year={2013},
  publisher={Elsevier}
}

@article{llovell2006global,
  title={Global fluid phase equilibria and critical phenomena of selected mixtures using the crossover soft-SAFT equation},
  author={Llovell, F{\`e}lix and Vega, Lourdes F},
  journal={The Journal of Physical Chemistry B},
  volume={110},
  number={3},
  pages={1350--1362},
  year={2006},
  publisher={ACS Publications}
}

@article{tang2010renormalization,
  title={Renormalization-group corrections to the perturbed-chain statistical associating fluid theory for binary mixtures},
  author={Tang, Xiaohua and Gross, Joachim},
  journal={Industrial \& Engineering Chemistry Research},
  volume={49},
  number={19},
  pages={9436--9444},
  year={2010},
  publisher={ACS Publications}
}

@article{bymaster2008renormalization,
  title={Renormalization-group corrections to a perturbed-chain statistical associating fluid theory for pure fluids near to and far from the critical region},
  author={Bymaster, Adam and Emborsky, Chris and Dominik, Aleksandra and Chapman, Walter G},
  journal={Industrial \& Engineering Chemistry Research},
  volume={47},
  number={16},
  pages={6264--6274},
  year={2008},
  publisher={ACS Publications}
}

@article{forte2011application,
  title={Application of a renormalization-group treatment to the statistical associating fluid theory for potentials of variable range (SAFT-VR)},
  author={Forte, Esther and Llovell, Felix and Vega, Lourdes F and Trusler, JP Martin and Galindo, Amparo},
  journal={The Journal of chemical physics},
  volume={134},
  number={15},
  pages={154102},
  year={2011},
  publisher={AIP}
}

@article{llovell2004thermodynamic,
  title={Thermodynamic properties of Lennard-Jones chain molecules: Renormalization-group corrections to a modified statistical associating fluid theory},
  author={Llovell, F{\`e}lix and P{\`a}mies, Josep C and Vega, Lourdes F},
  journal={The Journal of chemical physics},
  volume={121},
  number={21},
  pages={10715--10724},
  year={2004},
  publisher={AIP}
}

@article{jiang2000phase,
  title={Phase equilibria for chain-fluid mixtures near to and far from the critical region},
  author={Jiang, Jianwen and Prausnitz, John M},
  journal={AIChE journal},
  volume={46},
  number={12},
  pages={2525--2536},
  year={2000},
  publisher={Wiley Online Library}
}

@article{jiang1999equation,
  title={Equation of state for thermodynamic properties of chain fluids near-to and far-from the vapor--liquid critical region},
  author={Jiang, Jianwen and Prausnitz, John M},
  journal={The Journal of chemical physics},
  volume={111},
  number={13},
  pages={5964--5974},
  year={1999},
  publisher={AIP}
}

@article{chapman1990new,
  title={New reference equation of state for associating liquids},
  author={Chapman, Walter G and Gubbins, Keith E and Jackson, George and Radosz, Maciej},
  journal={Industrial \& Engineering Chemistry Research},
  volume={29},
  number={8},
  pages={1709--1721},
  year={1990},
  publisher={ACS Publications}
}

@article{bjorner2016modeling,
  title={Modeling derivative properties and binary mixtures with $CO_{2}$ using the CPA and the quadrupolar CPA equations of state},
  author={Bj{\o}rner, Martin G and Kontogeorgis, Georgios M},
  journal={Fluid Phase Equilibria},
  volume={408},
  pages={151--169},
  year={2016},
  publisher={Elsevier}
}

@article{carles2010brief,
  title={A brief review of the thermophysical properties of supercritical fluids},
  author={Carl{\`e}s, Pierre},
  journal={The Journal of Supercritical Fluids},
  volume={53},
  number={1-3},
  pages={2--11},
  year={2010},
  publisher={Elsevier}
}

@article{clark1988vapour+,
  title={(Vapour+ liquid) phase equilibria of binary, ternary, and quaternary mixtures of $CH_{4}$, $C_{2}H_{6}$, $C_{3}H_{8}$, $C_{4}H_{10}$, and $CO_{2}$},
  author={Clark, Alisdair Q and Stead, Keith},
  journal={The Journal of Chemical Thermodynamics},
  volume={20},
  number={4},
  pages={413--427},
  year={1988},
  publisher={Elsevier}
}

@article{hsu1985equilibrium,
  title={Equilibrium phase compositions, phase densities, and interfacial tensions for carbon dioxide+ hydrocarbon systems. 1. Carbon dioxide+ n-butane},
  author={Hsu, Jack JC and Nagarajan, N and Robinson Jr, RL},
  journal={Journal of Chemical and Engineering Data},
  volume={30},
  number={4},
  pages={485--491},
  year={1985},
  publisher={ACS Publications}
}

@article{leu1992equilibrium,
  title={The equilibrium phase properties of the methanol-hydrogen sulfide binary system},
  author={Leu, Ah-Dong and Carroll, John J and Robinson, Donald B},
  journal={Fluid phase equilibria},
  volume={72},
  pages={163--172},
  year={1992},
  publisher={Elsevier}
}

@article{lue1998renormalization,
  title={Renormalization-group corrections to an approximate free-energy model for simple fluids near to and far from the critical region},
  author={Lue, Leo and Prausnitz, John M},
  journal={The Journal of chemical physics},
  volume={108},
  number={13},
  pages={5529--5536},
  year={1998},
  publisher={AIP}
}

@article{lue1998brenormalization,
  title={Thermodynamics of fluid mixtures near to and far from the critical region},
  author={Lue, Leo and Prausnitz, John M},
  journal={AIChe journal},
  volume={44},
  number={6},
  pages={1455--1466},
  year={1998},
  publisher={Wiley Online Library}
}

@article{palma2017re,
  title={Re-evaluating the CPA EoS for improving critical points and derivative properties description},
  author={Palma, Andr{\'e} M and Oliveira, Mariana B and Queimada, Ant{\'o}nio J and Coutinho, Jo{\~a}o AP},
  journal={Fluid Phase Equilibria},
  volume={436},
  pages={85--97},
  year={2017},
  publisher={Elsevier}
}

@article{ruffine2006represent,
  title={How to represent hydrogen sulfide within the CPA equation of state},
  author={Ruffine, L and Mougin, P and Barreau, A},
  journal={Industrial \& engineering chemistry research},
  volume={45},
  number={22},
  pages={7688--7699},
  year={2006},
  publisher={ACS Publications}
}

@article{wilson1971renormalization,
  title={Renormalization group and critical phenomena. I. Renormalization group and the Kadanoff scaling picture},
  author={Wilson, Kenneth G},
  journal={Physical review B},
  volume={4},
  number={9},
  pages={3174},
  year={1971},
  publisher={APS}
}

@article{sengers1986thermodynamic,
  title={Thermodynamic behavior of fluids near the critical point},
  author={Sengers, JV and Sengers, JMH Levelt},
  journal={Annual Review of Physical Chemistry},
  volume={37},
  number={1},
  pages={189--222},
  year={1986},
  publisher={Annual Reviews 4139 El Camino Way, PO Box 10139, Palo Alto, CA 94303-0139, USA}
}

@article{michelsen2006robust,
  title={Robust and efficient solution procedures for association models},
  author={Michelsen, Michael L},
  journal={Industrial \& engineering chemistry research},
  volume={45},
  number={25},
  pages={8449--8453},
  year={2006},
  publisher={ACS Publications}
}

@article{kontogeorgis1996equation,
  title={An equation of state for associating fluids},
  author={Georgios M Kontogeorgis and Epaminondas C Voutsas and Iakovos V Yakoumis and Dimitrios P Tassios},
  journal={Industrial \& engineering chemistry research},
  volume={35},
  number={11},
  pages={4310--4318},
  year={1996},
  publisher={ACS Publications}
}

@article{wilson1971brenormalization,
  title={Renormalization group and critical phenomena. II. Phase-space cell analysis of critical behavior},
  author={Wilson, Kenneth G},
  journal={Physical Review B},
  volume={4},
  number={9},
  pages={3184},
  year={1971},
  publisher={APS}
}

@article{salvino1992calculation,
  title={Calculation of density fluctation contributions to thermodynamic properties of simple fluids},
  author={Salvino, Liming W and White, John A},
  journal={The Journal of Chemical Physics},
  volume={96},
  number={6},
  pages={4559-4568},
  year={1992},
  publisher={AIP}
}

@article{white1993renormalization,
  title={Renormalization group theory for fluids},
  author={White, John A and Zhang, Sheng},
  journal={The journal of chemical physics},
  volume={99},
  number={3},
  pages={2012--2019},
  year={1993},
  publisher={AIP}
}

@article{white1995renormalization,
  title={Renormalization theory of nonuniversal thermal properties of fluids},
  author={White, John A and Zhang, Sheng},
  journal={The journal of chemical physics},
  volume={103},
  number={5},
  pages={1922--1928},
  year={1995},
  publisher={AIP}
}

@article{white1998renormalization,
  title={Renormalization group theory for fluids to greater density distances from the critical point},
  author={White, JA and Zhang, Sheng},
  journal={International journal of thermophysics},
  volume={19},
  number={4},
  pages={1012--1027},
  year={1998},
  publisher={Springer}
}

@article{kontogeorgis1999multicomponent,
  title={Multicomponent phase equilibrium calculations for water--methanol--alkane mixtures},
  author={Kontogeorgis, Georgios M and Yakoumis, Iakovos V and Meijer, Henk and Hendriks, Eric and Moorwood, Tony},
  journal={Fluid Phase Equilibria},
  volume={158},
  pages={201--209},
  year={1999},
  publisher={Elsevier}
}
